@article{breiman1993fitting,
  title={Fitting additive models to regression data: Diagnostics and alternative views},
  author={Breiman, Leo},
  journal={Computational Statistics \& Data Analysis},
  volume={15},
  number={1},
  pages={13--46},
  year={1993},
  publisher={Elsevier}
}

@inproceedings{kishida2019empirical,
  title={Empirical study of easy and hard examples in CNN training},
  author={Kishida, Ikki and Nakayama, Hideki},
  booktitle={Neural Information Processing: 26th International Conference, ICONIP 2019, Sydney, NSW, Australia, December 12--15, 2019, Proceedings, Part IV 26},
  pages={179--188},
  year={2019},
  organization={Springer}
}

@inproceedings{li2008knows,
  title={Knows what it knows: a framework for self-aware learning},
  author={Li, Lihong and Littman, Michael L and Walsh, Thomas J},
  booktitle={Proceedings of the 25th international conference on Machine learning},
  pages={568--575},
  year={2008}
}

@article{stacked_ovr,
  title={An easy-to-hard learning paradigm for multiple classes and multiple labels},
  author={Liu, Weiwei and Tsang, Ivor W and M{\"u}ller, Klaus-Robert},
  journal={The Journal of Machine Learning Research},
  volume={18},
  year={2017}
}

@inproceedings{deephash,
  title={Deep hashing by discriminating hard examples},
  author={Yan, Cheng and Pang, Guansong and Bai, Xiao and Shen, Chunhua and Zhou, Jun and Hancock, Edwin},
  booktitle={Proceedings of the 27th ACM international conference on multimedia},
  pages={1535--1542},
  year={2019}
}

@article{focal_loss,
  title={Adversarial focal loss: Asking your discriminator for hard examples},
  author={Liu, Chen and Dong, Xiaomeng and Potter, Michael and Chang, Hsi-Ming and Soni, Ravi},
  journal={arXiv preprint arXiv:2207.07739},
  year={2022}
}

@article{Bagging,
  title={Bagging predictors},
  author={Breiman, Leo},
  journal={Machine learning},
  volume={24},
  pages={123--140},
  year={1996},
  publisher={Springer}
}

@inproceedings{cifar10h,
  title={Human uncertainty makes classification more robust},
  author={Peterson, Joshua C and Battleday, Ruairidh M and Griffiths, Thomas L and Russakovsky, Olga},
  booktitle={Proceedings of the IEEE/CVF International Conference on Computer Vision},
  pages={9617--9626},
  year={2019}
}

@article{cifar10,
  title={Learning multiple layers of features from tiny images},
  author={Krizhevsky, Alex and Hinton, Geoffrey and others},
  year={2009},
  publisher={Toronto, ON, Canada}
}

@inproceedings{mc-dropout,
  title={Dropout as a bayesian approximation: Representing model uncertainty in deep learning},
  author={Gal, Yarin and Ghahramani, Zoubin},
  booktitle={international conference on machine learning},
  pages={1050--1059},
  year={2016},
  organization={PMLR}
}

@article{deep-ensemble,
  title={Simple and scalable predictive uncertainty estimation using deep ensembles},
  author={Lakshminarayanan, Balaji and Pritzel, Alexander and Blundell, Charles},
  journal={Advances in neural information processing systems},
  volume={30},
  year={2017}
}

@book{mitchell1980need,
  title={The need for biases in learning generalizations},
  author={Mitchell, Tom M},
  year={1980},
  note={Introduces duality view of rules (generalizations) and instances}
  publisher={Citeseer}
}

@article{abdar2021review,
  title={A review of uncertainty quantification in deep learning: Techniques, applications and challenges},
  author={Abdar, Moloud and Pourpanah, Farhad and Hussain, Sadiq and Rezazadegan, Dana and Liu, Li and Ghavamzadeh, Mohammad and Fieguth, Paul and Cao, Xiaochun and Khosravi, Abbas and Acharya, U Rajendra and others},
  journal={Information Fusion},
  volume={76},
  pages={243--297},
  year={2021},
  publisher={Elsevier}
}

%Aleatoric and Epistemic Unceertainty
@article{hora1996aleatory,
  title={Aleatory and epistemic uncertainty in probability elicitation with an example from hazardous waste management},
  author={Hora, Stephen C},
  journal={Reliability Engineering \& System Safety},
  volume={54},
  number={2-3},
  pages={217--223},
  year={1996},
  publisher={Elsevier}
}

@article{der2009aleatory,
  title={Aleatory or epistemic? Does it matter?},
  author={Der Kiureghian, Armen and Ditlevsen, Ove},
  journal={Structural safety},
  volume={31},
  number={2},
  pages={105--112},
  year={2009},
  publisher={Elsevier}
}

@article{hullermeier2019aleatoric,
  title={Aleatoric and epistemic uncertainty in machine learning: A tutorial introduction},
  author={H{\"u}llermeier, Eyke and Waegeman, Willem},
  journal={arXiv preprint arXiv:1910.09457},
  volume={5},
  year={2019},
  publisher={arXivpreprint}
}

@article{selective-classification,
  title={Selective classification for deep neural networks},
  author={Geifman, Yonatan and El-Yaniv, Ran},
  journal={Advances in neural information processing systems},
  volume={30},
  year={2017}
}

@article{bias-reduced-uncertainty,
  title={Bias-reduced uncertainty estimation for deep neural classifiers},
  author={Geifman, Yonatan and Uziel, Guy and El-Yaniv, Ran},
  journal={arXiv preprint arXiv:1805.08206},
  year={2018}
}

@inproceedings{selectivenet,
  title={Selectivenet: A deep neural network with an integrated reject option},
  author={Geifman, Yonatan and El-Yaniv, Ran},
  booktitle={International conference on machine learning},
  pages={2151--2159},
  year={2019},
  organization={PMLR}
}
