%% Yoav's references

@article{balsubramani2015scalable,
  title={Scalable semi-supervised classifier aggregation},
  author={Balsubramani, Akshay and Freund, Yoav},
  journal={Advances in Neural Information Processing Systems},
  pages={1351--1359},
  year={2015}
}

@inproceedings{balsubramani2015optimally,
  title={Optimally Combining Classifiers Using Unlabeled Data},
  author={Balsubramani, Akshay and Freund, Yoav},
  booktitle={Conference on Learning Theory},
  pages={211--225},
  year={2015}
}

@article{breiman1996bagging,
  title={Bagging predictors},
  author={Breiman, Leo},
  journal={Machine learning},
  volume={24},
  number={2},
  pages={123--140},
  year={1996},
  publisher={Springer}
}

@article{schapire1998boosting,
  title={Boosting the margin: A new explanation for the effectiveness of voting methods},
  author={Schapire, Robert E and Freund, Yoav and Bartlett, Peter and Lee, Wee Sun},
  journal={The annals of statistics},
  volume={26},
  number={5},
  pages={1651--1686},
  year={1998},
  publisher={Institute of Mathematical Statistics}
}

@article{freund2004generalization,
  title={Generalization bounds for averaged classifiers},
  author={Freund, Yoav and Mansour, Yishay and Schapire, Robert E},
  journal={The annals of statistics},
  volume={32},
  number={4},
  pages={1698--1722},
  year={2004},
  publisher={Institute of Mathematical Statistics}
}

@article{bartlett2017spectrally,
  title={Spectrally-normalized margin bounds for neural networks},
  author={Bartlett, Peter L and Foster, Dylan J and Telgarsky, Matus J},
  journal={Advances in Neural Information Processing Systems},
  volume={30},
  pages={6240--6249},
  year={2017}
}

@inproceedings{freund1998self,
  title={Self bounding learning algorithms},
  author={Freund, Yoav},
  booktitle={Proceedings of the eleventh annual conference on Computational learning theory},
  pages={247--258},
  year={1998}
}

@article{blumer1987occam,
  title={Occam's razor},
  author={Blumer, Anselm and Ehrenfeucht, Andrzej and Haussler, David and Warmuth, Manfred K},
  journal={Information processing letters},
  volume={24},
  number={6},
  pages={377--380},
  year={1987},
  publisher={Elsevier}
}


@article{mcallester1999some,
  title={Some pac-bayesian theorems},
  author={McAllester, David A},
  journal={Machine Learning},
  volume={37},
  number={3},
  pages={355--363},
  year={1999},
  publisher={Springer}
}