@inproceedings{langley00,
 author    = {P. Langley},
 title     = {Crafting Papers on Machine Learning},
 year      = {2000},
 pages     = {1207--1216},
 editor    = {Pat Langley},
 booktitle     = {Proceedings of the 17th International Conference
              on Machine Learning (ICML 2000)},
 address   = {Stanford, CA},
 publisher = {Morgan Kaufmann}
}

@TechReport{mitchell80,
  author = 	 "T. M. Mitchell",
  title = 	 "The Need for Biases in Learning Generalizations",
  institution =  "Computer Science Department, Rutgers University",
  year = 	 "1980",
  address =	 "New Brunswick, MA",
}

@phdthesis{kearns89,
  author = {M. J. Kearns},
  title =  {Computational Complexity of Machine Learning},
  school = {Department of Computer Science, Harvard University},
  year =   {1989}
}

@Book{MachineLearningI,
  editor = 	 "R. S. Michalski and J. G. Carbonell and T.
		  M. Mitchell",
  title = 	 "Machine Learning: An Artificial Intelligence
		  Approach, Vol. I",
  publisher = 	 "Tioga",
  year = 	 "1983",
  address =	 "Palo Alto, CA"
}

@Book{DudaHart2nd,
  author =       "R. O. Duda and P. E. Hart and D. G. Stork",
  title =        "Pattern Classification",
  publisher =    "John Wiley and Sons",
  edition =      "2nd",
  year =         "2000"
}

@misc{anonymous,
  title= {Suppressed for Anonymity},
  author= {Author, N. N.},
  year= {2020}
}

@InCollection{Newell81,
  author =       "A. Newell and P. S. Rosenbloom",
  title =        "Mechanisms of Skill Acquisition and the Law of
                  Practice", 
  booktitle =    "Cognitive Skills and Their Acquisition",
  pages =        "1--51",
  publisher =    "Lawrence Erlbaum Associates, Inc.",
  year =         "1981",
  editor =       "J. R. Anderson",
  chapter =      "1",
  address =      "Hillsdale, NJ"
}


@Article{Samuel59,
  author = 	 "A. L. Samuel",
  title = 	 "Some Studies in Machine Learning Using the Game of
		  Checkers",
  journal =	 "IBM Journal of Research and Development",
  year =	 "1959",
  volume =	 "3",
  number =	 "3",
  pages =	 "211--229"
}

%% Yoav's references

@article{balsubramani2015scalable,
  title={Scalable semi-supervised classifier aggregation},
  author={Balsubramani, Akshay and Freund, Yoav},
  journal={Advances in Neural Information Processing Systems},
  pages={1351--1359},
  year={2015}
}

@inproceedings{balsubramani2015optimally,
  title={Optimally Combining Classifiers Using Unlabeled Data},
  author={Balsubramani, Akshay and Freund, Yoav},
  booktitle={Conference on Learning Theory},
  pages={211--225},
  year={2015}
}

@article{breiman1996bagging,
  title={Bagging predictors},
  author={Breiman, Leo},
  journal={Machine learning},
  volume={24},
  number={2},
  pages={123--140},
  year={1996},
  publisher={Springer}
}

@article{schapire1998boosting,
  title={Boosting the margin: A new explanation for the effectiveness of voting methods},
  author={Schapire, Robert E and Freund, Yoav and Bartlett, Peter and Lee, Wee Sun},
  journal={The annals of statistics},
  volume={26},
  number={5},
  pages={1651--1686},
  year={1998},
  publisher={Institute of Mathematical Statistics}
}

@article{freund2004generalization,
  title={Generalization bounds for averaged classifiers},
  author={Freund, Yoav and Mansour, Yishay and Schapire, Robert E},
  journal={The annals of statistics},
  volume={32},
  number={4},
  pages={1698--1722},
  year={2004},
  publisher={Institute of Mathematical Statistics}
}

@inproceedings{freund1998self,
  title={Self bounding learning algorithms},
  author={Freund, Yoav},
  booktitle={Proceedings of the eleventh annual conference on Computational learning theory},
  pages={247--258},
  year={1998}
}